[gd_scene load_steps=10 format=2]

[ext_resource path="res://Player.gd" type="Script" id=1]
[ext_resource path="res://img/sprites/ui/aim.png" type="Texture" id=2]
[ext_resource path="res://Visor.gd" type="Script" id=3]
[ext_resource path="res://img/sprites/zone/controlDisc1.png" type="Texture" id=4]
[ext_resource path="res://img/sprites/zone/controlDisc2.png" type="Texture" id=5]
[ext_resource path="res://PlayerSprite.tscn" type="PackedScene" id=6]
[ext_resource path="res://Select.tscn" type="PackedScene" id=7]

[sub_resource type="CircleShape2D" id=1]
radius = 166.07

[sub_resource type="CircleShape2D" id=2]
radius = 25.0

[node name="Player" type="KinematicBody2D"]
collision_mask = 4
script = ExtResource( 1 )

[node name="Visor" type="Sprite" parent="."]
scale = Vector2( 0.622713, 0.622713 )
texture = ExtResource( 2 )
script = ExtResource( 3 )

[node name="RayCast2D" type="RayCast2D" parent="Visor"]
scale = Vector2( 0.37037, 0.37037 )
enabled = true
cast_to = Vector2( -3000, -3000 )
collision_mask = 6

[node name="Area2D" type="Area2D" parent="."]
collision_mask = 7

[node name="CollisionShape2D2" type="CollisionShape2D" parent="Area2D"]
shape = SubResource( 1 )

[node name="Sprite" type="Sprite" parent="Area2D"]
scale = Vector2( 0.628913, 0.628913 )
texture = ExtResource( 4 )

[node name="Sprite2" type="Sprite" parent="Area2D"]
scale = Vector2( 0.628913, 0.628913 )
texture = ExtResource( 5 )

[node name="CollisionShape2D" type="CollisionShape2D" parent="."]
shape = SubResource( 2 )

[node name="PlayerSprite" parent="." instance=ExtResource( 6 )]
position = Vector2( -0.40115, 0.35849 )
scale = Vector2( 0.25, 0.25 )

[node name="Select" parent="." instance=ExtResource( 7 )]
[connection signal="body_entered" from="Area2D" to="." method="_on_Area2D_body_entered"]
[connection signal="body_exited" from="Area2D" to="." method="_on_Area2D_body_exited"]
